<?xml version="1.0" encoding="UTF-8"?><collection xmlns="http://www.loc.gov/MARC21/slim"><record><leader>00325nam--2200121-i-4500</leader><controlfield tag="001">000035262</controlfield><controlfield tag="002">20161230</controlfield><controlfield tag="005">20161230201040</controlfield><controlfield tag="008">060222s1000------------r-----000-0-eng-d</controlfield><datafield ind1=" " ind2=" " tag="245"><subfield code="a">Nuclears reactors for power generation</subfield></datafield><datafield ind1=" " ind2=" " tag="260"><subfield code="a">London, George Newnes Ltd., 1958. Vii+144p. Cu Fig</subfield></datafield><datafield ind1=" " ind2=" " tag="700"><subfield code="a">Taylor Openshaw</subfield></datafield><datafield ind1=" " ind2=" " tag="852"><subfield code="a">14030</subfield></datafield></record></collection>